<collection xmlns="http://www.loc.gov/MARC21/slim">
<record>
  <leader>01293nam0a22002291i 450 </leader>
  <controlfield tag="001">IT\ICCU\CNCE\076637</controlfield>
  <controlfield tag="005">20111007000000.0</controlfield>
  <datafield tag="012" ind1=" " ind2=" ">
    <subfield code="a">teis usn- m,oc cthi (C) 1570 (A)</subfield>
    <subfield code="2">fei</subfield>
  </datafield>
  <datafield tag="100" ind1=" " ind2=" ">
    <subfield code="a">20110930d1570        0itac0103    ba</subfield>
  </datafield>
  <datafield tag="101" ind1=" " ind2=" ">
    <subfield code="a">LAT</subfield>
  </datafield>
  <datafield tag="102" ind1=" " ind2=" ">
    <subfield code="a">IT</subfield>
  </datafield>
  <datafield tag="200" ind1="1" ind2=" ">
    <subfield code="a">Franciscus Niger De forma epistolandi sub ea fide, &amp; exacta diligentia nuper excussus. Vt nullum lector inuenias quod te laedat, ac remoretur, offendiculum, lege pensiculatius, inde non paruam (liquido cognosces) multi iuga eruditione recepturus es vtilitatem atque voluptatem</subfield>
  </datafield>
  <datafield tag="210" ind1=" " ind2=" ">
    <subfield code="e">\Messina!</subfield>
    <subfield code="g">haeredes Petri Spirae excudebant</subfield>
    <subfield code="h">1570</subfield>
  </datafield>
  <datafield tag="215" ind1=" " ind2=" ">
    <subfield code="a">\68! c., 8</subfield>
  </datafield>
  <datafield tag="300" ind1=" " ind2=" ">
    <subfield code="a">ELIMINATA  ̈33339Riferimenti: Barreca-Casile, 111; Bonifacio, 40; Evola, F. 198. -  Stemma xilogr. sul front. -  Iniz. xliogr. -  Rom. -  Segn.: A-H8 I4</subfield>
  </datafield>
  <datafield tag="620" ind1=" " ind2=" ">
    <subfield code="a">IT</subfield>
    <subfield code="d">Messina</subfield>
  </datafield>
  <datafield tag="700" ind1=" " ind2="1">
    <subfield code="a">Negri,</subfield>
    <subfield code="b">Francesco</subfield>
    <subfield code="c"> &lt;ca.1450-1510&gt;</subfield>
    <subfield code="3">IT\ICCU\CNCA\006678</subfield>
  </datafield>
  <datafield tag="712" ind1="0" ind2="0">
    <subfield code="a">Spira, Petruccio - eredi</subfield>
    <subfield code="3">IT\ICCU\CNCT\002696</subfield>
    <subfield code="4">650</subfield>
  </datafield>
  <datafield tag="790" ind1=" " ind2="1">
    <subfield code="a">Niger,</subfield>
    <subfield code="b">Franciscus</subfield>
    <subfield code="c"> &lt;1450?-1510&gt;</subfield>
    <subfield code="3">IT\ICCU\CNCA\017368</subfield>
    <subfield code="z">Negri, Francesco &lt;ca.1450-1510&gt;</subfield>
  </datafield>
  <datafield tag="790" ind1=" " ind2="1">
    <subfield code="a">Negro,</subfield>
    <subfield code="b">Pescennio Francesco</subfield>
    <subfield code="3">IT\ICCU\CNCA\018136</subfield>
    <subfield code="z">Negri, Francesco &lt;ca.1450-1510&gt;</subfield>
  </datafield>
  <datafield tag="801" ind1=" " ind2="3">
    <subfield code="a">IT</subfield>
    <subfield code="b">ICCU</subfield>
    <subfield code="c">20201115</subfield>
  </datafield>
  <datafield tag="899" ind1=" " ind2=" ">
    <subfield code="a">Biblioteca centrale della Regione siciliana Alberto Bombace. Palermo</subfield>
    <subfield code="1">PA0064</subfield>
    <subfield code="2">PAL BP</subfield>
  </datafield>
</record>
</collection>
